<record><leader>00000cas a2200000 a 4500</leader><controlfield tag="001">11208129</controlfield><controlfield tag="008">840928d188418uuksuwr ne      0   a0eng d</controlfield><datafield ind1=" " ind2=" " tag="010"><subfield code="a">sn 84029324 </subfield></datafield><datafield ind1=" " ind2=" " tag="040"><subfield code="a">KSH</subfield><subfield code="b">eng</subfield><subfield code="c">KSH</subfield><subfield code="d">NPT</subfield><subfield code="d">OCL</subfield><subfield code="d">OCLCQ</subfield></datafield><datafield ind1=" " ind2=" " tag="042"><subfield code="a">msc</subfield></datafield><datafield ind1="0" ind2="4" tag="245"><subfield code="a">The Grenola hornet.</subfield></datafield><datafield ind1="3" ind2="0" tag="246"><subfield code="a">Hornet</subfield></datafield><datafield ind1="3" ind2="0" tag="246"><subfield code="a">Howard hornet</subfield></datafield><datafield ind1=" " ind2=" " tag="260"><subfield code="a">Grenola, Kan. :</subfield><subfield code="b">Abe Steinberger</subfield></datafield><datafield ind1=" " ind2=" " tag="300"><subfield code="a">v. ;</subfield><subfield code="c">59 cm.</subfield></datafield><datafield ind1=" " ind2=" " tag="310"><subfield code="a">Weekly</subfield></datafield><datafield ind1="1" ind2=" " tag="362"><subfield code="a">Began in 1884.</subfield></datafield><datafield ind1=" " ind2=" " tag="500"><subfield code="a">Published in Howard, Kan., by Steinberger Brothers, 1885.</subfield></datafield><datafield ind1=" " ind2=" " tag="500"><subfield code="a">Published as: Hornet, July 3-Nov. 21, 1885; as: Howard hornet, Dec. 26, 1885.</subfield></datafield><datafield ind1=" " ind2=" " tag="588"><subfield code="a">Description based on: Vol. 5, no. 39 (Nov. 7, 1884).</subfield></datafield><datafield ind1=" " ind2=" " tag="752"><subfield code="a">United States</subfield><subfield code="b">Kansas</subfield><subfield code="c">Elk</subfield><subfield code="d">Grenola.</subfield></datafield><datafield ind1=" " ind2=" " tag="752"><subfield code="a">United States</subfield><subfield code="b">Kansas</subfield><subfield code="c">Elk</subfield><subfield code="d">Howard.</subfield></datafield><datafield ind1="0" ind2="0" tag="780"><subfield code="t">Grenola chief</subfield><subfield code="w">(DLC)sn 84029329</subfield></datafield></record>